<mx:record xmlns="http://www.w3.org/TR/xhtml1/strict" xmlns:mx="http://www.loc.gov/MARC21/slim" xmlns:xsi="http://www.w3.org/2001/XMLSchema-instance"><mx:leader>00000nz  a2200000n  45 0</mx:leader><mx:controlfield tag="001">oca08434169 </mx:controlfield><mx:controlfield tag="005">20100323060457.0</mx:controlfield><mx:controlfield tag="008">100322n| acannaabn          |n aaa     c</mx:controlfield><mx:datafield ind1=" " ind2=" " tag="010"><mx:subfield code="a">no2010048274</mx:subfield></mx:datafield><mx:datafield ind1=" " ind2=" " tag="040"><mx:subfield code="a">UPB</mx:subfield><mx:subfield code="b">eng</mx:subfield><mx:subfield code="c">UPB</mx:subfield></mx:datafield><mx:datafield ind1="0" ind2=" " tag="100"><mx:subfield code="a">Plato,</mx:subfield><mx:subfield code="c">Comicus,</mx:subfield><mx:subfield code="d">fl. 410-391 B.C.</mx:subfield></mx:datafield><mx:datafield ind1=" " ind2=" " tag="670"><mx:subfield code="a">Plato Comicus, c2009:</mx:subfield><mx:subfield code="b">t.p. (Plato Comicus)</mx:subfield></mx:datafield><mx:datafield ind1=" " ind2=" " tag="670"><mx:subfield code="a">Oxford classical dictionary, 1996:</mx:subfield><mx:subfield code="b">p. 1193 (Plato (2), Athenian comic poet, 1st voctory at the City Dionysia ca. 410 B.C., active as late as 391 B.C.)</mx:subfield></mx:datafield><mx:datafield ind1=" " ind2=" " tag="670"><mx:subfield code="a">OCLC, 22 March 2010</mx:subfield><mx:subfield code="b">(hdg.: Plato, Comicus; Plato, comic poet)</mx:subfield></mx:datafield><mx:datafield ind1=" " ind2=" " tag="999"><mx:subfield code="a">13</mx:subfield></mx:datafield></mx:record>